<record><leader>00000cas a22000007a 4500</leader><controlfield tag="001">14990083</controlfield><controlfield tag="008">861218d18891930pauwr ne      0    0eng d</controlfield><datafield ind1=" " ind2=" " tag="010"><subfield code="a">sn 86082070 </subfield></datafield><datafield ind1=" " ind2=" " tag="040"><subfield code="a">NPH</subfield><subfield code="b">eng</subfield><subfield code="c">NPH</subfield><subfield code="d">OCLCQ</subfield></datafield><datafield ind1=" " ind2=" " tag="042"><subfield code="a">msc</subfield></datafield><datafield ind1="0" ind2=" " tag="130"><subfield code="a">Somerset standard (Somerset, Pa. : 1889)</subfield></datafield><datafield ind1="1" ind2="0" tag="245"><subfield code="a">Somerset standard.</subfield></datafield><datafield ind1=" " ind2=" " tag="260"><subfield code="a">Somerset, Pa. :</subfield><subfield code="b">W.M. Schrock, J.A. Lambert &amp; F.F. Koontz</subfield></datafield><datafield ind1=" " ind2=" " tag="300"><subfield code="a">v. ;</subfield><subfield code="c">66 cm.</subfield></datafield><datafield ind1=" " ind2=" " tag="310"><subfield code="a">Weekly</subfield></datafield><datafield ind1="1" ind2=" " tag="362"><subfield code="a">Began in 1889.</subfield><subfield code="z">Cf. Blackburn, E.H. Bedford and Somerset Counties.</subfield></datafield><datafield ind1="1" ind2=" " tag="362"><subfield code="a">Ceased in 1930.</subfield><subfield code="z">Cf. Rossell, G. Pa. newspapers.</subfield></datafield><datafield ind1=" " ind2=" " tag="500"><subfield code="a">Published every Friday morning.</subfield></datafield><datafield ind1=" " ind2=" " tag="580"><subfield code="a">Absorbed by: Somerset daily herald, 1930.</subfield></datafield><datafield ind1=" " ind2=" " tag="588"><subfield code="a">Description based on: Vol. 7, no. 19 (Feb. 21, 1890).</subfield></datafield><datafield ind1=" " ind2=" " tag="752"><subfield code="a">United States</subfield><subfield code="b">Pennsylvania</subfield><subfield code="c">Somerset</subfield><subfield code="d">Somerset.</subfield></datafield><datafield ind1="1" ind2="4" tag="785"><subfield code="t">Somerset daily herald</subfield><subfield code="w">(DLC)sn 86083239</subfield></datafield></record>